<?xml version="1.0" encoding="UTF-8"?><collection xmlns="http://www.loc.gov/MARC21/slim"><record><leader>00442nam--2200169-u-4500</leader><controlfield tag="001">000051051</controlfield><controlfield tag="002">20161230</controlfield><controlfield tag="005">20161230201049</controlfield><controlfield tag="008">080514s1000------------r-----000-0-eng-d</controlfield><datafield ind1=" " ind2=" " tag="040"><subfield code="a">IFIN-HH</subfield></datafield><datafield ind1=" " ind2=" " tag="080"><subfield code="a">519.41</subfield></datafield><datafield ind1="1" ind2=" " tag="100"><subfield code="a">Chernikov,S.N.(red.)</subfield></datafield><datafield ind1="1" ind2="0" tag="245"><subfield code="a">Gruppy, Opredelyaemye Svoistvami Sistemy Podgrupp</subfield></datafield><datafield ind1=" " ind2=" " tag="260"><subfield code="a">Kiev</subfield><subfield code="b">Institut Matematiki AN USSR</subfield><subfield code="c">1979</subfield></datafield><datafield ind1=" " ind2=" " tag="300"><subfield code="a">148 p</subfield></datafield><datafield ind1=" " ind2=" " tag="852"><subfield code="a">48018</subfield><subfield code="c">512</subfield></datafield><datafield ind1=" " ind2=" " tag="CAT"><subfield code="a">Sys</subfield><subfield code="c">20080514</subfield><subfield code="h">135844</subfield></datafield></record></collection>